% Encoding: UTF-8

@TechReport{cours_MF,
  author      = {Tchanguiz RAZBAN},
  institution = {Polytech Nantes},
  title       = {Electronique analogique},
  year        = {2021},
  journal     = {Electronique et Technologies Numériques},
}

@TechReport{cours_HF,
  author      = {Tchanguiz RAZBAN},
  institution = {Polytech Nantes},
  title       = {Electronique Hautes fréquences},
  year        = {2021},
  journal     = {Electronique et Technologies Numériques},
  school      = {Polytech Nantes},
}

@Manual{data_fr4,
  title        = {Technical datasheet FR-4},
  note         = {www.laminatedplastics.com},
  organization = {Laminated Plastics},
}

@Manual{data_PTFE,
  title        = {Technical datasheet PTFE board},
  note         = {www.cif.fr},
  organization = {CIF},
}

@Comment{jabref-meta: databaseType:bibtex;}
